<?xml version = "1.0" encoding = "UTF-8"?><record>
  <leader>00924nam#a2200265#c#4500</leader>
  <controlfield tag="005">20210408121151.0</controlfield>
  <controlfield tag="007">tu</controlfield>
  <controlfield tag="008">960513|1989####xx############|||#|#####c</controlfield>
  <controlfield tag="003">DE-605</controlfield>
  <controlfield tag="001">990110504500206441</controlfield>
  <datafield tag="035" ind1=" " ind2=" ">
    <subfield code="a">(DE-605)BT000002852</subfield>
  </datafield>
  <datafield tag="040" ind1=" " ind2=" ">
    <subfield code="a">6/NWBib</subfield>
    <subfield code="b">ger</subfield>
    <subfield code="d">6/NWBib</subfield>
    <subfield code="e">rakwb</subfield>
  </datafield>
  <datafield tag="084" ind1=" " ind2=" ">
    <subfield code="a">Freudenberg</subfield>
    <subfield code="0">https://nwbib.de/spatial#Q10946</subfield>
    <subfield code="2">nwbib</subfield>
  </datafield>
  <datafield tag="084" ind1=" " ind2=" ">
    <subfield code="a">Geschichte</subfield>
    <subfield code="0">https://nwbib.de/subjects#N240000</subfield>
    <subfield code="2">nwbib</subfield>
    <subfield code="0">(uri) https://portal.dnb.de/opac.htm?method=simpleSearch&amp;cqlMode=true&amp;query=idn=040205177</subfield>
    <subfield code="0">(uri) http://viaf.org/viaf/sourceID/DNB|040205177</subfield>
  </datafield>
  <datafield tag="110" ind1="1" ind2=" ">
    <subfield code="a">Freudenberg</subfield>
    <subfield code="g">Kreis Siegen-Wittgenstein</subfield>
    <subfield code="0">(DE-588)4018466-3</subfield>
    <subfield code="4">aut</subfield>
    <subfield code="0">(uri) https://portal.dnb.de/opac.htm?method=simpleSearch&amp;cqlMode=true&amp;query=idn=040184668</subfield>
    <subfield code="0">(uri) http://viaf.org/viaf/sourceID/DNB|040184668</subfield>
    <subfield code="B">GND-040184668</subfield>
  </datafield>
  <datafield tag="245" ind1="1" ind2="0">
    <subfield code="a">Stadt Freudenberg</subfield>
    <subfield code="b">wechselvolle Geschichte</subfield>
    <subfield code="c">[Hrsg.: Stadt Freudenberg, Der Stadtdirektor]</subfield>
  </datafield>
  <datafield tag="264" ind1=" " ind2="1">
    <subfield code="a">Freudenberg</subfield>
    <subfield code="c">1989</subfield>
  </datafield>
  <datafield tag="300" ind1=" " ind2=" ">
    <subfield code="a">46 S. : Ill., Kt.</subfield>
  </datafield>
  <datafield tag="591" ind1=" " ind2=" ">
    <subfield code="a">Sign.: 2K 5162</subfield>
  </datafield>
  <datafield tag="689" ind1="0" ind2="0">
    <subfield code="a">Freudenberg</subfield>
    <subfield code="g">Kreis Siegen-Wittgenstein</subfield>
    <subfield code="D">g</subfield>
    <subfield code="0">(DE-588)4018466-3</subfield>
    <subfield code="0">(uri) https://portal.dnb.de/opac.htm?method=simpleSearch&amp;cqlMode=true&amp;query=idn=040184668</subfield>
    <subfield code="0">(uri) http://viaf.org/viaf/sourceID/DNB|040184668</subfield>
    <subfield code="B">GND-040184668</subfield>
  </datafield>
  <datafield tag="689" ind1="0" ind2="1">
    <subfield code="a">Geschichte</subfield>
    <subfield code="D">s</subfield>
    <subfield code="0">(DE-588)4020517-4</subfield>
    <subfield code="0">(uri) https://portal.dnb.de/opac.htm?method=simpleSearch&amp;cqlMode=true&amp;query=idn=040205177</subfield>
    <subfield code="0">(uri) http://viaf.org/viaf/sourceID/DNB|040205177</subfield>
    <subfield code="B">GND-040205177</subfield>
  </datafield>
  <datafield tag="960" ind1="1" ind2=" ">
    <subfield code="n">NWBib</subfield>
  </datafield>
  <datafield tag="964" ind1="0" ind2="s">
    <subfield code="F">030</subfield>
    <subfield code="A">a|1uc||||||27</subfield>
  </datafield>
  <datafield tag="964" ind1="0" ind2="s">
    <subfield code="F">050</subfield>
    <subfield code="A">a|||||||||||||</subfield>
  </datafield>
  <datafield tag="964" ind1="0" ind2="s">
    <subfield code="F">051</subfield>
    <subfield code="A">m|||||||</subfield>
  </datafield>
  <datafield tag="MBD" ind1=" " ind2=" ">
    <subfield code="M">49HBZ_NETWORK</subfield>
    <subfield code="i">990110504500206441</subfield>
    <subfield code="n">HBZ Network</subfield>
  </datafield>
  <datafield tag="MNG" ind1=" " ind2=" ">
    <subfield code="c">System</subfield>
    <subfield code="f">ILS</subfield>
    <subfield code="i">marc21</subfield>
    <subfield code="k">01</subfield>
    <subfield code="e">false</subfield>
    <subfield code="d">2021-05-07 04:28:32 Europe/Berlin</subfield>
    <subfield code="g">011050450-HBZ01</subfield>
    <subfield code="j">60</subfield>
    <subfield code="a">import</subfield>
    <subfield code="b">2021-04-06 01:38:37 Europe/Berlin</subfield>
  </datafield>
  <datafield tag="GSI" ind1="7" ind2=" ">
    <subfield code="a">4018466-3</subfield>
    <subfield code="0">http://d-nb.info/gnd/4018466-3</subfield>
    <subfield code="2">gnd</subfield>
    <subfield code="A">GND</subfield>
    <subfield code="B">GND-040184668</subfield>
    <subfield code="C">024</subfield>
  </datafield>
  <datafield tag="GGN" ind1=" " ind2=" ">
    <subfield code="a">Freudenberg Siegen</subfield>
    <subfield code="A">GND</subfield>
    <subfield code="B">GND-040184668</subfield>
    <subfield code="C">451</subfield>
  </datafield>
  <datafield tag="GGN" ind1=" " ind2=" ">
    <subfield code="a">Freudenberg (Siegerland)</subfield>
    <subfield code="9">v:Wikipedia</subfield>
    <subfield code="A">GND</subfield>
    <subfield code="B">GND-040184668</subfield>
    <subfield code="C">451</subfield>
  </datafield>
  <datafield tag="GGN" ind1=" " ind2=" ">
    <subfield code="a">Stadt Freudenberg</subfield>
    <subfield code="9">v:Homepage</subfield>
    <subfield code="A">GND</subfield>
    <subfield code="B">GND-040184668</subfield>
    <subfield code="C">451</subfield>
  </datafield>
  <datafield tag="GGN" ind1=" " ind2=" ">
    <subfield code="a">Stadt Freudenberg S&#252;dwestfalen</subfield>
    <subfield code="A">GND</subfield>
    <subfield code="B">GND-040184668</subfield>
    <subfield code="C">451</subfield>
  </datafield>
  <datafield tag="GSI" ind1="7" ind2=" ">
    <subfield code="a">4018466-3</subfield>
    <subfield code="0">http://d-nb.info/gnd/4018466-3</subfield>
    <subfield code="2">gnd</subfield>
    <subfield code="A">GND</subfield>
    <subfield code="B">GND-040184668</subfield>
    <subfield code="C">024</subfield>
  </datafield>
  <datafield tag="GGN" ind1=" " ind2=" ">
    <subfield code="a">Freudenberg Siegen</subfield>
    <subfield code="A">GND</subfield>
    <subfield code="B">GND-040184668</subfield>
    <subfield code="C">451</subfield>
  </datafield>
  <datafield tag="GGN" ind1=" " ind2=" ">
    <subfield code="a">Freudenberg (Siegerland)</subfield>
    <subfield code="9">v:Wikipedia</subfield>
    <subfield code="A">GND</subfield>
    <subfield code="B">GND-040184668</subfield>
    <subfield code="C">451</subfield>
  </datafield>
  <datafield tag="GGN" ind1=" " ind2=" ">
    <subfield code="a">Stadt Freudenberg</subfield>
    <subfield code="9">v:Homepage</subfield>
    <subfield code="A">GND</subfield>
    <subfield code="B">GND-040184668</subfield>
    <subfield code="C">451</subfield>
  </datafield>
  <datafield tag="GGN" ind1=" " ind2=" ">
    <subfield code="a">Stadt Freudenberg S&#252;dwestfalen</subfield>
    <subfield code="A">GND</subfield>
    <subfield code="B">GND-040184668</subfield>
    <subfield code="C">451</subfield>
  </datafield>
  <datafield tag="GST" ind1=" " ind2=" ">
    <subfield code="a">Landesgeschichte</subfield>
    <subfield code="A">GND</subfield>
    <subfield code="B">GND-040205177</subfield>
    <subfield code="C">450</subfield>
  </datafield>
  <datafield tag="GST" ind1=" " ind2=" ">
    <subfield code="a">Regionalgeschichte</subfield>
    <subfield code="A">GND</subfield>
    <subfield code="B">GND-040205177</subfield>
    <subfield code="C">450</subfield>
  </datafield>
  <datafield tag="GST" ind1=" " ind2=" ">
    <subfield code="a">Ortsgeschichte</subfield>
    <subfield code="A">GND</subfield>
    <subfield code="B">GND-040205177</subfield>
    <subfield code="C">450</subfield>
  </datafield>
  <datafield tag="GST" ind1=" " ind2=" ">
    <subfield code="a">Zeitgeschichte</subfield>
    <subfield code="A">GND</subfield>
    <subfield code="B">GND-040205177</subfield>
    <subfield code="C">450</subfield>
  </datafield>
  <datafield tag="GSI" ind1="7" ind2=" ">
    <subfield code="a">http://d-nb.info/gnd/4020517-4</subfield>
    <subfield code="2">uri</subfield>
    <subfield code="A">GND</subfield>
    <subfield code="B">GND-040205177</subfield>
    <subfield code="C">024</subfield>
  </datafield>
</record>